<?xml version="1.0" encoding="UTF-8"?><collection xmlns="http://www.loc.gov/MARC21/slim"><record><leader>00405nam--2200133-i-4500</leader><controlfield tag="001">000016192</controlfield><controlfield tag="002">20161230</controlfield><controlfield tag="005">20161230201031</controlfield><controlfield tag="008">060222s1000------------r-----000-0-eng-d</controlfield><datafield ind1=" " ind2=" " tag="080"><subfield code="a">537.222.22(043)</subfield></datafield><datafield ind1=" " ind2=" " tag="100"><subfield code="a">Garreta, Olivier M</subfield></datafield><datafield ind1=" " ind2=" " tag="245"><subfield code="a">Contribution a l etude de structures semicondructices de faibles dimensions a basses temperatures. these</subfield></datafield><datafield ind1=" " ind2=" " tag="260"><subfield code="a">Paris, Universite, 1958. 26 P</subfield></datafield><datafield ind1=" " ind2=" " tag="852"><subfield code="a">77868</subfield></datafield></record></collection>